<?xml version="1.0" encoding="UTF-8"?><record xmlns="http://www.loc.gov/MARC21/slim" xmlns:cinclude="http://apache.org/cocoon/include/1.0" xmlns:zs="http://www.loc.gov/zing/srw/">
  <leader>00624cz  a2200169n  4500</leader>
  <controlfield tag="001">n  81044634 </controlfield>
  <controlfield tag="003">DLC</controlfield>
  <controlfield tag="005">20090123080147.0</controlfield>
  <controlfield tag="008">810513n| acannaabn          |a aaa      </controlfield>
  <datafield tag="010" ind1=" " ind2=" ">
    <subfield code="a">n  81044634 </subfield>
    <subfield code="z">n  80160993 </subfield>
  </datafield>
  <datafield tag="035" ind1=" " ind2=" ">
    <subfield code="a">(OCoLC)oca00590214</subfield>
  </datafield>
  <datafield tag="040" ind1=" " ind2=" ">
    <subfield code="a">DLC</subfield>
    <subfield code="b">eng</subfield>
    <subfield code="c">DLC</subfield>
    <subfield code="d">OCoLC</subfield>
  </datafield>
  <datafield tag="100" ind1="1" ind2=" ">
    <subfield code="a">Biesanz, Richard</subfield>
  </datafield>
  <datafield tag="400" ind1="1" ind2=" ">
    <subfield code="a">Biesanz Hiltunen, Richard</subfield>
  </datafield>
  <datafield tag="400" ind1="1" ind2=" ">
    <subfield code="a">Hiltunen, Richard Biesanz</subfield>
  </datafield>
  <datafield tag="670" ind1=" " ind2=" ">
    <subfield code="a">His The Costa Ricans, 1982:</subfield>
    <subfield code="b">t.p. (Richard Biesanz)</subfield>
  </datafield>
  <datafield tag="670" ind1=" " ind2=" ">
    <subfield code="a">Biesanz, M.H. Los costarricenses, 1979:</subfield>
    <subfield code="b">(Richard Biesanz) cover flap (Richard Biesanz Hiltunen, prof. of sociology, Corning Community College, Corning, N.Y.)</subfield>
  </datafield>
</record>